<?xml version="1.0" encoding="UTF-8"?><collection xmlns="http://www.loc.gov/MARC21/slim"><record><leader>00483nam--2200169-i-4500</leader><controlfield tag="001">000004102</controlfield><controlfield tag="002">20161230</controlfield><controlfield tag="005">20170113230057</controlfield><controlfield tag="008">060222s1000------------r-----000-0-eng-d</controlfield><datafield ind1=" " ind2=" " tag="080"><subfield code="a">621:658.562:311</subfield></datafield><datafield ind1=" " ind2=" " tag="100"><subfield code="a">Aristov, I. A</subfield></datafield><datafield ind1=" " ind2=" " tag="245"><subfield code="a">Folosirea controlului statistic intr-o uzina constructoare de masini. Traducere din limba rusa</subfield></datafield><datafield ind1=" " ind2=" " tag="260"><subfield code="a">Bucuresti</subfield><subfield code="b">Editura Tehnica</subfield><subfield code="c">1954</subfield></datafield><datafield ind1=" " ind2=" " tag="300"><subfield code="a">80 p</subfield></datafield><datafield ind1=" " ind2=" " tag="700"><subfield code="a">Koldertev, M. S</subfield></datafield><datafield ind1=" " ind2=" " tag="852"><subfield code="a">3495</subfield></datafield><datafield ind1=" " ind2=" " tag="CAT"><subfield code="a">SYS</subfield><subfield code="c">20170113</subfield><subfield code="h">230057</subfield></datafield></record></collection>